<record><leader>00000cas a22000007a 4500</leader><controlfield tag="001">36167934</controlfield><controlfield tag="008">970107d18831884azudr ne      0    0eng d</controlfield><datafield ind1=" " ind2=" " tag="010"><subfield code="a">sn 96060680 </subfield></datafield><datafield ind1=" " ind2=" " tag="040"><subfield code="a">ANN</subfield><subfield code="b">eng</subfield><subfield code="c">ANN</subfield><subfield code="d">OCLCQ</subfield><subfield code="d">OCLCF</subfield><subfield code="d">OCLCO</subfield></datafield><datafield ind1="1" ind2=" " tag="029"><subfield code="a">AU@</subfield><subfield code="b">000024818792</subfield></datafield><datafield ind1=" " ind2=" " tag="042"><subfield code="a">msc</subfield></datafield><datafield ind1=" " ind2=" " tag="043"><subfield code="a">n-us-az</subfield></datafield><datafield ind1="0" ind2=" " tag="130"><subfield code="a">Tombstone republican (Tombstone, Ariz. : 1883)</subfield></datafield><datafield ind1="1" ind2="0" tag="245"><subfield code="a">Tombstone republican.</subfield></datafield><datafield ind1="1" ind2="3" tag="246"><subfield code="a">Daily republican</subfield></datafield><datafield ind1=" " ind2=" " tag="260"><subfield code="a">Tombstone, Cochise County, Ariz. :</subfield><subfield code="b">W.D. Crow &amp; Co.</subfield></datafield><datafield ind1=" " ind2=" " tag="300"><subfield code="a">v.</subfield></datafield><datafield ind1=" " ind2=" " tag="310"><subfield code="a">Daily</subfield></datafield><datafield ind1="1" ind2=" " tag="362"><subfield code="a">Began 1883; ceased 1884.</subfield></datafield><datafield ind1=" " ind2=" " tag="580"><subfield code="a">Merged with: Tombstone daily epitaph (Tombstone, Ariz. : 1882), to form: Tombstone daily epitaph and republican.</subfield></datafield><datafield ind1=" " ind2=" " tag="588"><subfield code="a">Description based on: Vol. 1, no. 44 (Feb. 23, 1883).</subfield></datafield><datafield ind1=" " ind2="0" tag="651"><subfield code="a">Tombstone (Ariz.)</subfield><subfield code="v">Newspapers.</subfield></datafield><datafield ind1=" " ind2="7" tag="655"><subfield code="a">Newspapers.</subfield><subfield code="2">fast</subfield><subfield code="0">(OCoLC)fst01423814</subfield></datafield><datafield ind1=" " ind2="7" tag="651"><subfield code="a">Arizona</subfield><subfield code="z">Tombstone.</subfield><subfield code="2">fast</subfield><subfield code="0">(OCoLC)fst01212318</subfield></datafield><datafield ind1=" " ind2=" " tag="752"><subfield code="a">United States</subfield><subfield code="b">Arizona</subfield><subfield code="c">Cochise</subfield><subfield code="d">Tombstone.</subfield></datafield><datafield ind1="0" ind2=" " tag="775"><subfield code="t">Tombstone republican (Tombstone, Ariz. : 1882)</subfield><subfield code="w">(DLC)sn 95060899</subfield></datafield><datafield ind1="1" ind2="7" tag="785"><subfield code="t">Tombstone daily epitaph (Tombstone, Ariz. : 1882)</subfield><subfield code="w">(DLC)sn 93054094</subfield></datafield><datafield ind1="1" ind2="7" tag="785"><subfield code="t">Tombstone daily epitaph and republican</subfield><subfield code="w">(DLC)sn 96060684</subfield></datafield></record>